@book{Kapitonova:2004,
  title={Лекції з дискретної математики [Текст]},
  author={Капітонова, Ю.В.},
  isbn={5941575467},
  series={Computers \&  maths},
  year={2004},
  publisher={БХВ-Петербург}
}
@book{comb:1988,
  title={Комбінаторика для програмістів [Текст]},
  author={Липский, В.},
  series={Computers \&  maths},
  year={1988},
  publisher={Москва, Мир}
}
@book{my_article:2021,
  title={Теорема Шпернера [Текст]},
  author={Тарасенко, С.А.},
  series={Computers \&  maths},
  isbn={9789663275147},
  pages={87--89},
  year={2021},
  publisher={National University of Water and Environmental Engineering}
}